<?xml version="1.0" encoding="UTF-8"?>
<collection xmlns:xsi="http://www.w3.org/2001/XMLSchema-instance" xsi:schemaLocation="http://www.loc.gov/MARC21/slim http://www.loc.gov/standards/marcxml/schema/MARC21slim.xsd" xmlns="http://www.loc.gov/MARC21/slim">
<record>
  <leader>01245cam a2200241 i 4500</leader>
  <controlfield tag="001">488695</controlfield>
  <controlfield tag="003">NNC</controlfield>
  <controlfield tag="005">20130423041842.0</controlfield>
  <controlfield tag="008">860626s1952    ua            000 0 ara d</controlfield>
  <datafield tag="035" ind1=" " ind2=" ">
    <subfield code="a">(OCoLC)506254808</subfield>
  </datafield>
  <datafield tag="035" ind1=" " ind2=" ">
    <subfield code="a">(OCoLC)ocn506254808</subfield>
  </datafield>
  <datafield tag="035" ind1=" " ind2=" ">
    <subfield code="a">(CStRLIN)NYCG86-B66822</subfield>
  </datafield>
  <datafield tag="035" ind1=" " ind2=" ">
    <subfield code="9">ACC9590CU</subfield>
  </datafield>
  <datafield tag="035" ind1=" " ind2=" ">
    <subfield code="a">(NNC)488695</subfield>
  </datafield>
  <datafield tag="040" ind1=" " ind2=" ">
    <subfield code="a">NNC</subfield>
    <subfield code="c">NNC</subfield>
  </datafield>
  <datafield tag="090" ind1=" " ind2=" ">
    <subfield code="a">PN6095.A7</subfield>
    <subfield code="b">I28 1952</subfield>
  </datafield>
  <datafield tag="100" ind1="1" ind2=" ">
    <subfield code="a">Ibshīhī, Muḥammad ibn Aḥmad,</subfield>
    <subfield code="d">1388-approximately 1446.</subfield>
  </datafield>
  <datafield tag="245" ind1="1" ind2="3">
    <subfield code="a">al-Mustaṭraf fī kull fann mustaẓraf /</subfield>
    <subfield code="c">taʾlīf Shihāb al-Dīn Muḥammad ibn Aḥmad Abī al-Fatḥ al-Ibshīhī. Wa-bi-al-hāmish Thamarāt al-awrāq fī al-muḥāḍarāt / li-Taqī al-Dīn Abī Bakr ibn ʻAlī ibn Muḥammad ibn Ḥijjah al-Ḥamawī al-Qādirī al-Ḥanafī. Wa-yalīhi dhaylān, 1 / li-Ibn Ḥijjah al-Ḥamawī, 2 / li-Muḥammad ibn Ibrāhīm al-Aḥdab.</subfield>
  </datafield>
  <datafield tag="250" ind1=" " ind2=" ">
    <subfield code="a">al-Ṭabʻah al-akhīrah.</subfield>
  </datafield>
  <datafield tag="260" ind1=" " ind2=" ">
    <subfield code="a">Miṣr :</subfield>
    <subfield code="b">Sharikat Maktabat wa-Maṭbaʻat Muṣṭafá al-Bābī al-Ḥalabī,</subfield>
    <subfield code="c">1952.</subfield>
  </datafield>
  <datafield tag="300" ind1=" " ind2=" ">
    <subfield code="a">2 v. in 1 ;</subfield>
    <subfield code="c">29 cm.</subfield>
  </datafield>
  <datafield tag="650" ind1=" " ind2="0">
    <subfield code="a">Quotations, Arabic</subfield>
    <subfield code="v">Early works to 1800.</subfield>
  </datafield>
  <datafield tag="700" ind1="1" ind2="2">
    <subfield code="a">Ibn Ḥijjah al-Ḥamawī, Taqī al-Dīn Abū Bakr ibn ʻAlī,</subfield>
    <subfield code="d">-1434.</subfield>
    <subfield code="t">Thamarāt al-awrāq.</subfield>
    <subfield code="f">1952.</subfield>
  </datafield>
  <datafield tag="955" ind1=" " ind2=" ">
    <subfield code="b">0043627161</subfield>
    <subfield code="d">glx</subfield>
    <subfield code="e">PN6095.A7 I28 1952</subfield>
  </datafield>
</record>
</collection>